@article{bellare2022better,
  title={Better than Advertised Security for Non-interactive Threshold Signatures},
  author={Bellare, Mihir and Crites, Elizabeth C and Komlo, Chelsea and Maller, Mary and Tessaro, Stefano and Zhu, Chenzhi},
  journal={Advances in Cryptology-CRYPTO 2022},
  volume={4},
  year={2022}
}


@article{shamir1979share,
  title={How to share a secret},
  author={Shamir, Adi},
  journal={Communications of the ACM},
  volume={22},
  number={11},
  pages={612--613},
  year={1979},
  publisher={ACm New York, NY, USA}
}

@inproceedings{shoup2000practical,
  title={Practical threshold signatures},
  author={Shoup, Victor},
  booktitle={Advances in Cryptologyâ€”EUROCRYPT 2000: International Conference on the Theory and Application of Cryptographic Techniques Bruges, Belgium, May 14--18, 2000 Proceedings 19},
  pages={207--220},
  year={2000},
  organization={Springer}
}

@inproceedings{fujisaki2007traceable,
  title={Traceable ring signature},
  author={Fujisaki, Eiichiro and Suzuki, Koutarou},
  booktitle={International Workshop on Public Key Cryptography},
  pages={181--200},
  year={2007},
  organization={Springer}
}

@inproceedings{li1988analysis,
  title={Analysis of speedup and communication/computation ratio in multiprocessor systems},
  author={Li, X and Malek, Miroslaw},
  booktitle={Proceedings. Real-Time Systems Symposium},
  pages={282--283},
  year={1988},
  organization={IEEE Computer Society}
}

@article{zhang2002id,
  title={ID-based one round authenticated tripartite key agreement protocol with pairings},
  author={Zhang, Fangguo and Liu, Shengli and Kim, Kwangjo},
  journal={Cryptology ePrint Archive},
  year={2002}
}


@inproceedings{herranz2003forking,
  title={Forking lemmas for ring signature schemes},
  author={Herranz, Javier and S{\'a}ez, Germ{\'a}n},
  booktitle={International Conference on Cryptology in India},
  pages={266--279},
  year={2003},
  organization={Springer}
}


@inproceedings{bunz2018bulletproofs,
  title={Bulletproofs: Short proofs for confidential transactions and more},
  author={B{\"u}nz, Benedikt and Bootle, Jonathan and Boneh, Dan and Poelstra, Andrew and Wuille, Pieter and Maxwell, Greg},
  booktitle={2018 IEEE symposium on security and privacy (SP)},
  pages={315--334},
  year={2018},
  organization={IEEE}
}

@inproceedings{komlo2021frost,
  title={FROST: flexible round-optimized Schnorr threshold signatures},
  author={Komlo, Chelsea and Goldberg, Ian},
  booktitle={Selected Areas in Cryptography: 27th International Conference, Halifax, NS, Canada (Virtual Event), October 21-23, 2020, Revised Selected Papers 27},
  pages={34--65},
  year={2021},
  organization={Springer}
}

@misc{clsag,
  title={Concise linkable ring signatures and forgery against adversarial keys},
  author={Goodell, Brandon and Noether, Sarang and Blue, Arthur},
  journal={Cryptology ePrint Archive},
  year={2019}
}

@inproceedings{bellare2006multi,
  title={Multi-signatures in the plain public-key model and a general forking lemma},
  author={Bellare, Mihir and Neven, Gregory},
  booktitle={Proceedings of the 13th ACM conference on Computer and communications security},
  pages={390--399},
  year={2006}
}

@inproceedings{boneh2018threshold,
  title={Threshold cryptosystems from threshold fully homomorphic encryption},
  author={Boneh, Dan and Gennaro, Rosario and Goldfeder, Steven and Jain, Aayush and Kim, Sam and Rasmussen, Peter MR and Sahai, Amit},
  booktitle={Advances in Cryptology--CRYPTO 2018: 38th Annual International Cryptology Conference, Santa Barbara, CA, USA, August 19--23, 2018, Proceedings, Part I 38},
  pages={565--596},
  year={2018},
  organization={Springer}
}

@misc{SeraiRepo,
  author = {Luke Parker (KayabaNerve)},
  title = {serai-dex/serai/},
  year = {2024},
  url = {https://github.com/serai-dex/serai/tree/develop/networks/monero},
  note = {GitHub repository}
}


@misc{goodell2018thring,
  title={Thring signatures and their applications to spender-ambiguous digital currencies},
  author={Goodell, Brandon and Noether, Sarang},
  journal={Cryptology ePrint Archive},
  year={2018}
}

@inproceedings{liu2004linkable,
  title={Linkable spontaneous anonymous group signature for ad hoc groups},
  author={Liu, Joseph K and Wei, Victor K and Wong, Duncan S},
  booktitle={Information Security and Privacy: 9th Australasian Conference, ACISP 2004, Sydney, Australia, July 13-15, 2004. Proceedings 9},
  pages={325--335},
  year={2004},
  organization={Springer}
}

@inproceedings{boneh2022threshold,
  title={Threshold signatures with private accountability},
  author={Boneh, Dan and Komlo, Chelsea},
  booktitle={Annual International Cryptology Conference},
  pages={551--581},
  year={2022},
  organization={Springer}
}

@misc{bellare2005new,
  title={New multi-signature schemes and a general forking lemma},
  author={Bellare, Mihir and Neven, Gregory},
  year={2005}
}
